%% LaTeX2e file `teste.bib'
%% generated by the `filecontents' environment
%% from source `teste' on 2017/04/27.
%%
@inbook{knutha,
    author = {Donald E. Knuth},
    booktitle = {The art of computer programming},
    volume = {16},
    title = {Fundamental Algorithms},
    publisher = {Addison-Wesley},
    year = {1968}
}
@book{knuthb,
    author = {Donald E. Knuth},
    title = {The art of computer programming},
    subtitle = {Volume 16, Fundamental Algorithms},
    publisher = {Addison-Wesley},
    year = {1968}
}
@article{lafitte2013,
	Author = {T. Lafitte and A. Apostolakou and C. Avendaño and A. Galindo and C. S. Adjiman and A. Müller and G. Jackson},
	Journal = {The Journal of Chemical Physics},
	Number = {154504},
	Pages = {154504--154504-37},
	Title = {Accurate statistical associating fluid theory for chain molecules formed from Mie segments},
	Volume = {139},
	Year = {2013}}
