%% This BibTeX bibliography file was created using BibDesk.
%% http://bibdesk.sourceforge.net/


%% Created for Lauro Cesar Araujo at 2015-04-27 19:43:45 -0300 


%% Saved with string encoding Unicode (UTF-8) 
@article{zwanzig1954,
	Author = {Robert W. Zwanzig},
	Journal = {The Journal of Chemical Physics},
	Pages = {1420},
	Title = {High‐Temperature Equation of State by a Perturbation Method. I. Nonpolar Gases},
	Volume = {22},
	Year = {1954}}

@article{zwanzig1955,
	Author = {Robert W. Zwanzig},
	Journal = {The Journal of Chemical Physics},
	Pages = {1915},
	Title = {High‐Temperature Equation of State by a Perturbation Method. II. Polar Gases},
	Volume = {23},
	Year = {1955}}

@article{pohorille2010,
	Author = {Pohorille, A and Jarzynski, C and Chipot, C},
	Journal = {Journal of Physical Chemistry B},
	Pages = {10235–10253},
	Title = {Good practices in freeenergy calculations},
	Volume = {114},
	Year = {2010}}
	
@article{bennet1976,
	Author = {Bennett, CH},
	Journal = {Journal of Computational Physics},
	Pages = {245–268},
	Title = {Efficient estimation of free energy differences
from Monte Carlo data},
	Volume = {22},
	Year = {1976}}

@article{garrido2010,
	Author = {Jorge, M. and Garrido, N. and Queimada, A. and Economou, I. and Macedo, E.},
	Journal = {Journal of Chemical Theory and Computation},
	Pages = {1018–1027},
	Title = {Effect of the Integration Method on the Accuracy and Computational Efficiency of Free Energy Calculations Using Thermodynamic Integration},
	Volume = {6},
	Year = {2010}}

@article{shyu2009,
	Author = {Shyu, C. and Ytreberg, F. M.},
	Journal = {Journal of Computational Chemistry},
	Pages = {1018–1027},
	Title = {Reducing the bias and uncertainty of free energy estimates by using regression to fit thermodynamic integration data},
	Volume = {6},
	Year = {2010}}

@article{bareva,
	Author = {Himanshu Paliwal and Michael R. Shirts },
	Journal = {Journal of Chemical Theory and Computation},
	Pages = {4115–4134},
	Title = {A Benchmark Test Set for Alchemical Free Energy Transformations and Its Use to Quantify Error in Common Free Energy Methods},
	Volume = {7},
	Year = {2011},
	doi = {10.1021/ct2003995}}

@article{mbar,
	Author = {Shirts, M. R. and Chodera, J. D. },
	Journal = {Journal of Chemical Physics},
	Pages = {124105},
	Title = { Statistically optimal analysis of samples from multiple equilibrium states},
	Volume = {129},
	Year = {2008},
	doi = {10.1063/1.2978177}}

@article{chodera2011,
	Author = {Chodera, J. D. and Shirts, M. R.},
	Journal = {Journal of Chemical Physics},
	Pages = {194110},
	Title = { Replica exchange and expanded ensemble simulations as Gibbs sampling: simple improvements for enhanced mixing},
	Volume = {135},
	Year = {2011},
	doi = {10.1063/1.3660669}}
	
@article{geman1984,
	Author = {S. Geman and D. Geman},
	Journal = {IEEE Transactions on Pattern Analysis and Machine Intelligence},
	Pages = {721 - 741},
	Title = { Stochastic Relaxation, Gibbs Distributions, and the Bayesian Restoration of Images},
	Volume = {PAMI-6},
	Year = {1984},
	doi = {10.1109/TPAMI.1984.4767596}}

@article{wham,
	Author = {Kumar, S and Bouzida, D and Swendsen, RH and Kollman, PA and Rosenberg, JM},
	Journal = {Journal of Computational Chemistry},
	Pages = {1011-1021},
	Title = {The weighted histogram analysis method for free-energy
calculations on biomolecules. 1. The method.},
	Volume = {13},
	Year = {1992}}

@article{kirkwood1935,
	Author = {Kirkwood, JG},
	Journal = {Journal of Chemical Physics},
	Pages = {300–313},
	Title = {Statistical mechanics of fluid mixtures},
	Volume = {3},
	Year = {1935}}

@article{lyubartsev,
	Author = {A. P. Lyubartsev and A. A. Martsinovski and S. V. Shevkunov and P. N. Vorontsov‐Velyaminov},
	Journal = {Journal of Chemical Physics},
	Pages = { 1776--1783},
	Title = {New approach to Monte Carlo calculation of the free energy: Method of expanded ensembles},
	Volume = {96},
	Year = {1992},
	doi = {10.1063/1.462133}}

@article{escobedo2007,
	Author = {Fernando A. Escobedo and Francisco J. Martinez-Veracoechea},
	Journal = {Journal of Chemical Physics},
	Pages = {174103},
	Title = {Optimized expanded ensembles for simulations involving molecular insertions and deletions. I. Closed systems},
	Volume = {127},
	Year = {2007},
	doi = { 10.1063/1.2800320}}

@article{trebst2004,
  title = {Optimizing the ensemble for equilibration in broad-histogram Monte Carlo simulations},
  author = {Trebst, Simon and Huse, David A. and Troyer, Matthias},
  journal = {Physical Review E},
  volume = {70},
  issue = {4},
  pages = {046701},
  numpages = {5},
  year = {2004},
  month = {Oct},
  publisher = {American Physical Society},
  doi = {10.1103/PhysRevE.70.046701},
  url = {https://link.aps.org/doi/10.1103/PhysRevE.70.046701}}

@article{bernd1992,
  title = {Multicanonical ensemble: A new approach to simulate first-order phase transitions},
  author = {Berg, Bernd A. and Neuhaus, Thomas},
  journal = {Physical Review Letters},
  volume = {68},
  issue = {1},
  pages = {9--12},
  numpages = {0},
  year = {1992},
  month = {Jan},
  publisher = {American Physical Society},
  doi = {10.1103/PhysRevLett.68.9},
  url = {https://link.aps.org/doi/10.1103/PhysRevLett.68.9}}
 
@article{bernd1993,
  title = {New Monte Carlo algorithm: Entropic sampling},
  author = {Lee, Jooyoung},
  journal = {Physical Review Letters},
  volume = {71},
  issue = {2},
  pages = {211--214},
  numpages = {0},
  year = {1993},
  month = {Jul},
  publisher = {American Physical Society},
  doi = {10.1103/PhysRevLett.71.211},
  url = {https://link.aps.org/doi/10.1103/PhysRevLett.71.211}}

@article{dayal2004,
  title = {Performance Limitations of Flat-Histogram Methods},
  author = {Dayal, P. and Trebst, S. and Wessel, S. and W\"urtz, D. and Troyer, M. and Sabhapandit, S. and Coppersmith, S. N.},
  journal = {Physical Review Letters},
  volume = {92},
  issue = {9},
  pages = {097201},
  numpages = {4},
  year = {2004},
  month = {Mar},
  publisher = {American Physical Society},
  doi = {10.1103/PhysRevLett.92.097201},
  url = {https://link.aps.org/doi/10.1103/PhysRevLett.92.097201}}

@article{beutler1994,
	Author = {Beutler, TC and Mark, AE and van Schaik, RC and Gerber, PR and van Gunsteren,
WF},
	Journal = {Chemical Physics Letters.},
	Pages = { 529–539},
	Title = {Avoiding singularities and numerical instabilities in
free energy calculations based on molecular simulations},
	Volume = {222},
	Year = {1994},
	doi = {10.1016/0009-2614(94)00397-1}}

@article{klimovich,
	Author = {Pavel V. Klimovich and Michael R. Shirts and David L. Mobley},
	Journal = {Journal of Computer-Aided Molecular Design},
	Pages = { 397--411},
	Title = {Guidelines for the analysis of free energy calculations},
	Volume = {29},
	Year = {2015},
	doi = {10.1007/s10822-015-9840-9}}

@article{papa1987,
	Author = {Panagiotopoulos, A.Z},
	Journal = {Molecular Physics},
	Pages = { 813–826},
	Title = {Direct determination of phase coexistence properties of fluids using
%Monte Carlo simulation in a new ensemble},
	Volume = {61},
	Year = {1987}}

@article{lafitte2013,
	Author = {Lafitte,Thomas and Apostolakou,Anastasia and Avendano,Carlos and Galindo,Amparo and Adjiman, Claire S. and Muller, Erich A. and Jackson, George},
	Journal = {The Journal of Chemical Physics},
	Pages = {154504},
	Title = {Accurate statistical associating fluid theory for chain molecules formed from Mie segments},
	Volume = {139},
	Year = {2013}}

@article{lafitte2006,
	Author = { T. Lafitte and D. Bessieres and M. M. Pineiro and J. L. Daridon},
	Journal = {The Journal of Chemical Physics},
	Pages = {024509},
	Title = {Simultaneous estimation of phase behavior and second-derivative properties using the statistical associating fluid theory with variable range approach},
	Volume = {124},
	Year = {2006}}
@article{bh1976,
	Author = {Barker, J. A. and Henderson,D.},
	Journal = {Review of Modern Physics},
	Pages = {587-671},
	Title = {What is "liquid"? Understanding the states of matter},
	Volume = {48},
	Year = {1976}}
@article{avendano2011,
	Author = {Avenda{\~n}o,Carlos and Lafitte,Thomas and Galindo,Amparo and Adjiman, Claire S. and Jackson, George and Muller, Erich A.},
	Journal = {The Journal of Physical Chemistry B},
	Pages = {11154–11169},
	Title = {SAFT-$\gamma$ Force Field for the Simulation of Molecular Fluids.1. A Single-Site Coarse Grained Model of Carbon Dioxide},
	Volume = {115},
	Year = {2011}}
@article{muller2017,
	Author = {M\"uller, Erich A. and Mej\'ia, Andr\'es},
	Journal = {Langmuir},
	Pages = {A–L},
	Title = {Extension of the SAFT-VR Mie EoS To Model Homonuclear Rings and
Its Parametrization Based on the Principle of Corresponding States},
	Volume = {-},
	Year = {2017}}
@article{boublik,
	Author = {Boubl\'ik, Thomas },
	Journal = {The Journal of Chemical Physics},
	Pages = {471–472},
	Title = {Hard‐Sphere Equation of State},
	Volume = {53},
	Year = {1970}}
@article{mansoori,
	Author = {Mansoori, G. A. and Carnahan, N. F. and Starling, K. E. and Leland Jr., T. W. },
	Journal = {The Journal of Chemical Physics},
	Pages = {1523–1525},
	Title = {Equilibrium Thermodynamic Properties of the Mixture of Hard Spheres},
	Volume = {54},
	Year = {1971}}
@article{papa2014,
	Author = {Vasileios Papaioannou and Thomas Lafitte and Carlos Avenda{\~n}o and Claire S. Adjiman and George Jackson and Erich A. M\"uller and Amparo Galindo},
	Journal = {The Journal of Chemical Physics},
	Pages = {054107},
	Title = {Group contribution methodology based on the statistical associating fluid theory for heteronuclear molecules formed from Mie segments},
	Volume = {140},
	Year = {2014}}
@article{lafitte2012,
	Author = {Thomas Lafitte and Carlos Avenda{\~n}o and Vasileios Papaioannou and Amparo Galindo  and Claire S. Adjiman and George Jackson and Erich A. M\"uller },
	Journal = {Molecular Physics},
	Pages = {1189–1203},
	Title = {SAFT-$\gamma$ force field for the simulation of molecular fluids: 3. Coarse-grained models of benzene and hetero-group models of n-decylbenzene},
	Volume = {110},
	Year = {2012}}
@article{muller1993,
	Author = {M\"uller, E. A. and Gubbins, K. E. },
	Journal = {Molecular Physics},
	Pages = {957–976},
	Title = {Simulation of hard triatomic and tetratomic molecules. A test of associating fluid theory},
	Volume = {80},
	Year = {1993}}
@article{herdes2015,
	Author = {Carmelo Herdes and Tim S. Totton and Erich A. M\"uller},
	Journal = {Fluid Phase Equilibria},
	Pages = {91–100},
	Title = {Coarse grained force field for the molecular simulation of natural gases and condensates},
	Volume = {406},
	Year = {2015}}
@article{ramrattan2015,
	Author = {Ramrattan, N. and Avenda{\~n}o, C. and M\"uller, E. and Galindo, A.},
	Journal = {Molecular Physics},
	Pages = {1–16},
	Title = {A corresponding-states framework for the description of the Mie family of intermolecular potentials},
	Volume = {113},
	Year = {2015}}
@article{mejia2014,
	Author = {Andres Mej\'ia and Carmelo Herdes and Erich A. M\"uller},
	Journal = {Industrial and Chemical Engineering Research},
	Pages = {4131–4141},
	Title = {Force Fields for Coarse-Grained Molecular Simulations from a Corresponding States Correlation},
	Volume = {53},
	Year = {2014}}
@article{ervik2016,
	Author = {Asmund Ervik and Andres Mej\'ia and Erich A. M\"uller},
	Journal = {Journal of Chemical Information and Modeling},
	Pages = {1609–1614},
	Title = {Bottled SAFT: A Web App Providing SAFT-$\gamma$ Mie Force Field Parameters for Thousands of Molecular Fluids},
	Volume = {56},
	Year = {2016}}
@article{ervik20162,
	Author = {Asmund Ervik and Morten Olsen Lysgaard and Carmelo Herdes and Guadalupe Jim\'enez-Serratos and Erich A. M\"ller and Svend Tollak Munkejord and Bernhard M\"uller},
	Journal = {Journal of Computational Physics},
	Pages = {576-611},
	Title = {A multiscale method for simulating fluid interfaces covered with large molecules such as asphaltenes},
	Volume = {327},
	Year = {2016}}
	
@article{lobanova2015,
	Author = {Olga Lobanova and Carlos Avenda{\~n}o and Thomas Lafitte and Erich A. M\"uller and George Jackson},
	Journal = {Mol. Phys.},
	Pages = {1228–1249},
	Title = {SAFT-$\gamma$  force field for the simulation of molecular fluids: 4. A single-site coarse-grained model of water applicable over a wide temperature range},
	Volume = {113},
	Year = {2015}},
	doi =   { 10.1080/00268976.2015.1004804}}

@article{lobanova2016,
	Author = {Olga Lobanova and Andres Mej\'ia and George Jackson and Erich A. M\"ller},
	Journal = {The Journal of Chemical Thermodynamics},
	Pages = {320–336},
	Title = {SAFT-$\gamma$ force field for the simulation of molecular fluids 6: Binaryand ternary mixtures comprising water, carbon dioxide, and n-alkanes},
	Volume = {93},
	Year = {2016}}

@article{herdes2017,
	Author = {Carmelo Herdes and Asmund Ervik and Andres Mej\'ia and Erich A. M\"uller},
	Journal = {{F}luid {P}hase {E}quilib.},
	Title = {Prediction of the water/oil interfacial tension from molecular simulations using the coarse-grained SAFT-$\gamma$ Mie force field},
	Year = {2017}}

@article{shinoda2007,
	Author = {W. Shinoda and R. Devane and M. L. Klein},
	Journal = {Molecular Simulation},
	Pages = {27–36},
	Title = {Multi-property fitting and parameterization of a coarse grained model for aqueous surfactants},
	Volume = {33},
	Year = {2007}}

@article{shinoda2010,
	Author = {Xibing He and W. Shinoda and R. Devane and M. L. Klein},
	Journal = {Molecular Simulation},
	Pages = {2007-2020 },
	Title = {Exploring the utility of coarse-grained water models for computational studies of interfacial systems},
	Volume = {108},
	Year = {2010}}
	
@article{shinoda20102,
	Author = {W. Shinoda and R. Devane and M. L. Klein},
	Journal = {Journal of Physical Chemistry B},
	Pages = {6836-6849},
	Title = {Zwitterionic lipid assemblies: molecular dynamics studies of monolayers, bilayers, and vesicles using a new coarse grain force field},
	Volume = {114},
	Year = {2010}}

@article{pantano2009,
	Author = {DA Pantano and M. L. Klein},
	Journal = {Journal of Physical Chemistry B},
	Pages = {13715-13722},
	Title = {Characterization of membrane-protein interactions for the leucine transporter from Aquifex aeolicus by molecular dynamics calculations},
	Volume = {113},
	Year = {2009}}

@article{martini2007,
	Author = {S. J. Marrink and H. J. Risselada and S. Yefimov and D. P. Tieleman and A. H. de Vries},
	Journal = {Journal of Physical Chemistry B},
	Pages = {7812–7824},
	Title = {The MARTINI force field: Coarse grained model for biomolecular simulations},
	Volume = {111},
	Year = {2007}}

@article{hadley2012,
	Author = {Kevin R. Hadley and Clare McCabe},
	Journal = {Molecular Simulation},
	Pages = {671–681},
	Title = {Coarse-grained molecular models of water: a review},
	Volume = {38},
	Year = {2012}}

@article{levitt1975,
	Author = {M. Levitt and A. Warshe},
	Journal = {Nature},
	Pages = {694–698},
	Title = {Computer-simulation of protein folding},
	Volume = {253},
	Year = {1975}}
	
@article{levitt1976,
	Author = {M. Levitt},
	Journal = {Journal of Molecular Biology},
	Pages = {59-107},
	Title = {A simplified representation of protein conformations for rapid simulation of protein folding},
	Volume = {104},
	Year = {1976}}

@article{kmiecik2016,
	Author = {Sebastian Kmiecik and Dominik Gront and Michal Kolinski and Lukasz Wieteska and Aleksandra Elzbieta Dawid and  Andrzej Kolinski},
	Journal = {Chemical Reviews},
	Pages = {7898–7936},
	Title = {Coarse-Grained Protein Models and Their Applications},
	Volume = {116},
	Year = {2016}}

@article{koga2001,
	Author = {N Koga and S Takada},
	Journal = {Journal of Molecular Biology},
	Pages = {171–180},
	Title = {Roles of native topology and
chain-length scaling in protein folding: a simulation study with a Go-like model},
	Volume = {331},
	Year = {2001}}
	
@article{bereau2009,
	Author = {Bereau, Tristan and Deserno, Markus},
	Journal = {Journal of Chemical Physics },
	Pages = { 235106},
	Title = {Generic coarse-grained model for protein folding and aggregation},
	Volume = {130},
	Year = {2009}}

@article{bereau2010,
	Author = {Bereau, Tristan and Bachmann, Michael and Deserno, Markus},
	Journal = {Journal of the American Chemical Society},
	Pages = {13129– 13131 },
	Title = {Interplay between Secondary and Tertiary Structure Formation in Protein Folding Cooperativity},
	Volume = {132},
	Year = {2010}}

@article{opep2014,
	Author = {Sterpone, Fabio and Melchionna, Simone and Tuffery, Pierre and Pasquali, Samuela and Mousseau, Normand and Cragnolini, Tristan and Chebaro, Yassmine and St-Pierre, Jean-Francois and Kalimeri, Maria and Barducci, Alessandro and Laurin, Yoann and Tek, Alex and Baaden, Marc and Nguyen, Phuong Hoang and Derreumaux, Philippe},
	Journal = {Chemical Society Reviews },
	Pages = {4871– 4893 },
	Title = { The OPEP protein model: from single molecules, amyloid formation, crowding and hydrodynamics to DNA/RNA systems},
	Volume = {43},
	Year = {2014}}

@article{opep2015,
	Author = {Sterpone, Fabio and Derreumaux, Philippe and Melchionna, Simone},
	Journal = {Journal of Chemical Theory and Computation},
	Pages = {1843– 1853},
	Title = { Protein Simulations in Fluids: Coupling the OPEP Coarse-Grained Force Field with Hydrodynamics},
	Volume = {11},
	Year = {2015}}
	
@article{opep2011,
	Author = {Barducci, Alessandro and Bonomi, Massimiliano and Derreumaux, Philippe},
	Journal = {Journal of Chemical Theory and Computation },
	Pages = {1928– 1934 },
	Title = {Assessing the Quality of the OPEP Coarse-Grained Force Field},
	Volume = {7},
	Year = {2011}}

@article{opep2009,
	Author = {Chebaro, Yassmine and Dong, Xiao and Laghaei, Rozita and Derreumaux, Philippe and Mousseau, Normand},
	Journal = {Journal of Physical Chemistry B},
	Pages = {267– 274 },
	Title = {Replica Exchange Molecular Dynamics Simulations of Coarse-grained Proteins in Implicit Solvent},
	Volume = {113},
	Year = {2009}}

@article{opep20092,
	Author = {Chebaro, Yassmine and Dong, Xiao and Laghaei, Rozita and Derreumaux, Philippe and Mousseau, Normand},
	Journal = {Nucleic Acids Research },
	Pages = {498– 503 },
	Title = {PEP-FOLD: an online resource for de novo peptide structure prediction},
	Volume = {37},
	Year = {2009}}

@article{martini2013,
	Author = {Lars, V. and Periole, Xavier and Tieleman, D. Peter and Marrink, Siewert J.},
	Journal = {Journal of Chemical Theory and Computation},
	Pages = {687-697},
	Title = { Improved Parameters for the Martini Coarse-Grained Protein Force Field},
	Volume = {9},
	Year = {2013}}
	
@article{martini20132,
	Author = {Marrink, Siewert J. and Tieleman, D. Peter},
	Journal = {Chemical Society Reviews},
	Pages = {6801– 6822},
	Title = { Perspective on the Martini model},
	Volume = {42},
	Year = {2013}}

@article{scorpion2013,
	Author = {Basdevant, Nathalie and Borgis, Daniel and Ha-Duong, Tap},
	Journal = {Journal of Chemical Theory and Computation},
	Pages = {803-813},
	Title = {Modeling Protein-Protein Recognition in Solution Using the Coarse-Grained Force Field SCORPION},
	Volume = {9},
	Year = {2013}}

@article{unres2014,
	Author = {Liwo Adam and Baranowski Maciej and Czaplewski Cezary and Golas Ewa and He Yi and Jagiela Dawid and Krupa Pawel and Maciejczyk Maciej and Makowski Mariusz and Mozolewska Magdalena A and Niadzvedtski Andrei and Oldziej Stanislaw and Scheraga Harold A and Sieradzan Adam K and Slusarz Rafal and Wirecki Tomasz and Yin Yanping and Zaborowski Bartlomiej},
	Journal = {Journal of molecular modeling },
	Pages = {2306},
	Title = {A unified coarse-grained model of biological macromolecules based on mean-field multipole-multipole interactions},
	Volume = {20},
	Year = {2014}}
	
@article{chiu2010,
	Author = {S.W. Chiu and H.L. Scott and E. Jakobsson},
	Journal = {Journal of Chemical Theory and Computation},
	Pages = {851-863},
	Title = {A coarse-grained model based on morse potential for water and n-alkanes},
	Volume = {6},
	Year = {2010}}
	
@article{bhargava2009,
	Author = {B.L. Bhargava  and Michael L. Klein},
	Journal = {Molecular Simulation},
	Pages = {393-401},
	Title = {Formation of micelles in aqueous solutions of a room temperature ionic liquid: a study using coarse grained molecular dynamicss},
	Volume = {107},
	Year = {2009}}

@article{cassiano1,
	Author = {Cassiano G. Aimoli and Edward J. Maginn and C.R.A. Abreu},
	Journal = {{F}luid {P}hase {E}quilib.},
	Pages = {80-90},
	Title = {Force field comparison and thermodynamic property calculation of supercritical $CO_{2}$ and $CH_{4}$ using molecular dynamics simulations},
	Volume = {368},
	Year = {2014}}

@article{cassiano2,
	Author = {Cassiano G. Aimoli and Edward J. Maginn and C. R.A. Abreu},
	Journal = {The Journal of Chemical Physics},
	Pages = { 134101},
	Title = {Transport properties of carbon dioxide and methane from molecular
dynamics simulations},
	Volume = {141},
	Year = {2014}}

@book{liu2002,
	Address = {New York},
	Author = {J. S. Liu},
    Edition = {2},
	Publisher = {Springer},
	Title = {Monte Carlo strategies in Scientific Computing},
	Year = {2002}}

@article{winger2009,
	Author = {Winger, M and Trzesniak, D and Baron, R and van Gunsteren, WF},
	Journal = {Physical Chemistry Chemical Physics},
	Pages = {1934},
	Title = {On using a too large integration time step in molecular dynamics simulations of coarse-grained molecular models.},
	Volume = {11},
	Year = {2009}}	
	

@book{rowlinson,
	Address = {London},
	Author = {ROWLINSON, J. S. and  SWINTON, F. L.},
    Edition = {3},
	Publisher = {Butterworth Scientific},
	Title = {Liquid and Liquid Mixtures},
	Year = {1982}}
	
@book{ibge1993,
	Address = {Rio de Janeiro},
	Author = {IBGE},
	Date-Added = {2013-08-21 13:56:10 +0000},
	Date-Modified = {2013-08-21 13:56:10 +0000},
	Edition = {3},
	Organization = {http://biblioteca.ibge.gov.br/visualizacao/livros/liv23907.pdf},
	Publisher = {Centro de Documenta{\c c}{\~a}o e Dissemina{\c c}{\~a}o de Informa{\c c}{\~o}es. Funda{\c c}{\~a}o Intituto Brasileiro de Geografia e Estat{\'\i}stica},
	Title = {Normas de apresenta{\c c}{\~a}o tabular},
	Urlaccessdate = {21 ago 2013},
	Year = {1993}}

@misc{abntex2-wiki-como-customizar,
	Author = {Lauro C{\'e}sar Araujo},
	Date-Added = {2013-03-23 21:39:21 +0000},
	Date-Modified = {2015-04-27 22:43:06 +0000},
	Howpublished = {Wiki do abnTeX2},
	Keywords = {wiki},
	Title = {Como customizar o abnTeX2},
	Url = {https://github.com/abntex/abntex2/wiki/ComoCustomizar},
	Urlaccessdate = {27 abr 2015},
	Year = {2015},
	Bdsk-Url-1 = {https://github.com/abntex/abntex2/wiki/ComoCustomizar}}

@manual{talbot2012,
	Author = {Nicola L.C. Talbot},
	Date-Added = {2013-03-11 12:06:04 +0000},
	Date-Modified = {2013-03-11 12:06:56 +0000},
	Month = {Nov.},
	Title = {User Manual for glossaries.sty},
	Url = {http://mirrors.ctan.org/macros/latex/contrib/glossaries/glossaries-user.pdf},
	Urlaccessdate = {11 mar. 2013},
	Year = {2012},
	Bdsk-Url-1 = {http://mirrors.ctan.org/macros/latex/contrib/glossaries/glossaries-user.pdf}}

@manual{babel,
	Author = {Johannes Braams},
	Date-Added = {2013-02-17 13:37:14 +0000},
	Date-Modified = {2013-02-17 13:38:38 +0000},
	Month = {Apr.},
	Title = {Babel, a multilingual package for use with LATEX's standard document classes},
	Url = {http://mirrors.ctan.org/info/babel/babel.pdf},
	Urlaccessdate = {17 fev. 2013},
	Year = {2008},
	Bdsk-Url-1 = {http://mirrors.ctan.org/info/babel/babel.pdf}}

@manual{abntex2modelo-artigo,
	Annote = {Este documento {\'e} derivado do \cite{abnt-bibtex-doc}},
	Author = {Lauro C{\'e}sar Araujo},
	Date-Added = {2013-01-15 00:10:35 +0000},
	Date-Modified = {2015-04-27 22:43:13 +0000},
	Organization = {Equipe abnTeX2},
	Title = {Modelo Can{\^o}nico de Artigo Cient{\'\i}fico com abnTeX2},
	Url = {http://www.abntex.net.br/},
	Year = {2015},
	Bdsk-Url-1 = {http://www.abntex.net.br/}}

@manual{abntex2modelo-relatorio,
	Annote = {Este documento {\'e} derivado do \cite{abnt-bibtex-doc}},
	Author = {Lauro C{\'e}sar Araujo},
	Date-Added = {2013-01-15 00:05:34 +0000},
	Date-Modified = {2015-04-27 22:43:18 +0000},
	Organization = {Equipe abnTeX2},
	Title = {Modelo Can{\^o}nico de Relat{\'o}rio T{\'e}cnico e/ou Cient{\'\i}fico com abnTeX2},
	Url = {http://www.abntex.net.br/},
	Year = {2015},
	Bdsk-Url-1 = {http://www.abntex.net.br/}}

@manual{abntex2modelo,
	Annote = {Este documento {\'e} derivado do \cite{abnt-bibtex-doc}},
	Author = {Lauro C{\'e}sar Araujo},
	Date-Added = {2013-01-12 22:55:32 +0000},
	Date-Modified = {2015-04-27 22:43:32 +0000},
	Organization = {Equipe abnTeX2},
	Title = {Modelo Can{\^o}nico de Trabalho Acad{\^e}mico com abnTeX2},
	Url = {http://www.abntex.net.br/},
	Year = {2015},
	Bdsk-Url-1 = {http://www.abntex.net.br/}}

@mastersthesis{araujo2012,
	Address = {Bras{\'\i}lia},
	Author = {Lauro C{\'e}sar Araujo},
	Date-Added = {2013-01-09 11:04:42 +0000},
	Date-Modified = {2013-01-09 11:04:42 +0000},
	Month = {mar.},
	School = {Universidade de Bras{\'\i}lia},
	Subtitle = {uma perspectiva de {A}rquitetura da {I}nforma{\c c}{\~a}o da {E}scola de {B}ras{\'\i}lia},
	Title = {Configura{\c c}{\~a}o},
	Year = {2012}}

@manual{memoir,
	Address = {Normandy Park, WA},
	Author = {Peter Wilson and Lars Madsen},
	Date-Added = {2013-01-09 10:37:50 +0000},
	Date-Modified = {2013-03-21 13:23:25 +0000},
	Organization = {The Herries Press},
	Title = {The Memoir Class for Configurable Typesetting - User Guide},
	Url = {http://mirrors.ctan.org/macros/latex/contrib/memoir/memman.pdf},
	Urlaccessdate = {19 dez. 2012},
	Year = {2010},
	Bdsk-Url-1 = {http://ctan.tche.br/macros/latex/contrib/memoir/memman.pdf}}

@manual{abntex2cite-alf,
	Annote = {Este documento {\'e} derivado do \cite{abnt-bibtex-alf-doc}},
	Author = {Lauro C{\'e}sar Araujo},
	Date-Added = {2013-01-09 10:37:45 +0000},
	Date-Modified = {2015-04-27 22:43:44 +0000},
	Organization = {Equipe abnTeX2},
	Title = {O pacote abntex2cite: t{\'o}picos espec{\'\i}ficos da ABNT NBR 10520:2002 e o estilo bibliogr{\'a}fico alfab{\'e}tico (sistema autor-data)},
	Url = {http://www.abntex.net.br/},
	Year = {2015},
	Bdsk-Url-1 = {http://www.abntex.net.br/}}

@manual{abntex2cite,
	Annote = {Este documento {\'e} derivado do \cite{abnt-bibtex-doc}},
	Author = {Lauro C{\'e}sar Araujo},
	Date-Added = {2013-01-09 10:37:45 +0000},
	Date-Modified = {2015-04-27 22:43:38 +0000},
	Organization = {Equipe abnTeX2},
	Title = {O pacote abntex2cite: Estilos bibliogr{\'a}ficos compat{\'\i}veis com a ABNT NBR 6023},
	Url = {http://www.abntex.net.br/},
	Year = {2015},
	Bdsk-Url-1 = {http://www.abntex.net.br/}}

@manual{abntex2classe,
	Author = {Lauro C{\'e}sar Araujo},
	Date-Added = {2013-01-09 10:37:38 +0000},
	Date-Modified = {2015-04-27 22:42:47 +0000},
	Organization = {Equipe abnTeX2},
	Title = {A classe abntex2: Modelo can{\^o}nico de trabalhos acad{\^e}micos brasileiros compat{\'\i}vel com as normas ABNT NBR 14724:2011, ABNT NBR 6024:2012 e outras},
	Url = {http://www.abntex.net.br/},
	Year = {2015},
	Bdsk-Url-1 = {http://www.abntex.net.br/}}

@manual{NBR10520:2002,
	Address = {Rio de Janeiro},
	Date-Added = {2012-12-15 21:43:38 +0000},
	Date-Modified = {2013-01-12 22:17:20 +0000},
	Month = {ago.},
	Org-Short = {ABNT},
	Organization = {Associa{\c c}\~ao Brasileira de Normas T\'ecnicas},
	Pages = 7,
	Subtitle = {Informa{\c c}\~ao e documenta{\c c}\~ao --- Apresenta{\c c}\~ao de cita{\c c}\~oes em documentos},
	Title = {{NBR} 10520},
	Year = 2002}

@manual{NBR6024:2012,
	Address = {Rio de Janeiro},
	Date-Added = {2012-12-15 21:24:06 +0000},
	Date-Modified = {2012-12-15 21:24:28 +0000},
	Month = {fev.},
	Org-Short = {ABNT},
	Organization = {Associa{\c c}\~ao Brasileira de Normas T\'ecnicas},
	Pages = 4,
	Subtitle = {Numera{\c c}\~ao progressiva das se{\c c}\~oes de um documento},
	Title = {{NBR} 6024},
	Year = 2012}

@manual{NBR6028:2003,
	Address = {Rio de Janeiro},
	Date-Added = {2012-12-15 21:02:12 +0000},
	Date-Modified = {2012-12-15 21:02:50 +0000},
	Month = {nov.},
	Org-Short = {ABNT},
	Organization = {Associa{\c c}\~ao Brasileira de Normas T\'ecnicas},
	Pages = 2,
	Subtitle = {Resumo - Apresenta{\c c}{\~a}o},
	Title = {{NBR} 6028},
	Year = 2003}

@manual{NBR14724:2001,
	Address = {Rio de Janeiro},
	Date-Added = {2012-12-15 20:34:08 +0000},
	Date-Modified = {2012-12-15 20:34:08 +0000},
	Month = {jul.},
	Org-Short = {ABNT},
	Organization = {Associa{\c c}\~ao Brasileira de Normas T\'ecnicas},
	Pages = 6,
	Subtitle = {Informa{\c c}\~ao e documenta{\c c}\~ao --- trabalhos acad\^emicos --- apresenta{\c c}\~ao},
	Title = {{NBR} 14724},
	Year = 2001}

@manual{NBR14724:2002,
	Address = {Rio de Janeiro},
	Date-Added = {2012-12-15 20:34:17 +0000},
	Date-Modified = {2012-12-15 20:34:17 +0000},
	Month = {ago.},
	Org-Short = {ABNT},
	Organization = {Associa{\c c}\~ao Brasileira de Normas T\'ecnicas},
	Pages = 6,
	Subtitle = {Informa{\c c}\~ao e documenta{\c c}\~ao --- trabalhos acad\^emicos --- apresenta{\c c}\~ao},
	Title = {{NBR} 14724},
	Year = 2002}

@manual{NBR14724:2005,
	Address = {Rio de Janeiro},
	Date-Added = {2012-12-15 20:34:08 +0000},
	Date-Modified = {2012-12-15 20:35:25 +0000},
	Month = {dez.},
	Org-Short = {ABNT},
	Organization = {Associa{\c c}\~ao Brasileira de Normas T\'ecnicas},
	Pages = 9,
	Subtitle = {Informa{\c c}\~ao e documenta{\c c}\~ao --- trabalhos acad\^emicos --- apresenta{\c c}\~ao},
	Title = {{NBR} 14724},
	Year = 2005}

@manual{NBR14724:2011,
	Address = {Rio de Janeiro},
	Date-Added = {2012-12-15 20:34:08 +0000},
	Date-Modified = {2012-12-15 20:35:25 +0000},
	Month = {mar.},
	Note = {Substitui a Ref.~\citeonline{NBR14724:2005}},
	Org-Short = {ABNT},
	Organization = {Associa{\c c}\~ao Brasileira de Normas T\'ecnicas},
	Pages = 15,
	Subtitle = {Informa{\c c}\~ao e documenta{\c c}\~ao --- trabalhos acad\^emicos --- apresenta{\c c}\~ao},
	Title = {{NBR} 14724},
	Year = 2011}

@article{van86,
	Author = {{van}, Gigch, John P. and Leo L. Pipino},
	Journal = {Future Computing Systems},
	Number = {1},
	Pages = {71-97},
	Title = {In search for a paradigm for the discipline of information systems},
	Volume = {1},
	Year = {1986}}

@phdthesis{guizzardi2005,
	Address = {Enschede, The Netherlands},
	Author = {Giancarlo Guizzardi},
	Date-Added = {2012-04-23 11:35:28 +0000},
	Date-Modified = {2012-04-23 11:35:28 +0000},
	School = {Centre for Telematics and Information Technology, University of Twente},
	Title = {Ontological Foundations for Structural Conceptual Models},
	Url = {http://www.loa.istc.cnr.it/Guizzardi/SELMAS-CR.pdf},
	Urlaccessdate = {3 jul. 2011},
	Year = {2005},
	Bdsk-Url-1 = {http://www.loa.istc.cnr.it/Guizzardi/SELMAS-CR.pdf}}

@mastersthesis{macedo2005,
	Author = {Fl{\'a}via L. Macedo},
	Date-Added = {2012-04-23 11:35:13 +0000},
	Date-Modified = {2012-04-23 11:35:13 +0000},
	Keywords = {arquitetura da informa{\c c}{\~a}o},
	School = {Universidade de Bras{\'\i}lia},
	Title = {Arquitetura da Informa{\c c}{\~a}o: aspectos espistemol{\'o}gicos, cient{\'\i}ficos e pr{\'a}ticos.},
	Type = {Disserta{\c c}{\~a}o de Mestrado},
	Year = {2005}}

@manual{EIA649B,
	Address = {EUA},
	Date-Added = {2012-04-23 11:34:59 +0000},
	Date-Modified = {2012-04-23 11:34:59 +0000},
	Keywords = {norma},
	Month = {June},
	Organization = {TechAmerica},
	Title = {ANSI/EIA 649-B: Configuration Management Standard},
	Year = {2011}}

@inproceedings{masolo2010,
	Author = {Claudio Masolo},
	Booktitle = {Proceedings of the Twelfth International Conference on the Principles of Knowledge Representation and Reasoning (KR 2010)},
	Date-Added = {2012-04-23 11:34:38 +0000},
	Date-Modified = {2012-04-23 11:34:38 +0000},
	Editor = {Lin, F. and Sattler, U.},
	Pages = {258-268},
	Publisher = {AAAI Press},
	Title = {Understanding Ontological Levels},
	Url = {http://wiki.loa-cnr.it/Papers/kr10v0.7.pdf},
	Urlaccessdate = {2 jan. 2012},
	Year = {2010},
	Bdsk-Url-1 = {http://wiki.loa-cnr.it/Papers/kr10v0.7.pdf}}

@inbook{guarino1995,
	Address = {Vienna},
	Author = {Nicola Guarino},
	Booktitle = {Philosophy and the Cognitive Science},
	Date-Added = {2012-04-23 11:34:29 +0000},
	Date-Modified = {2012-04-23 11:34:29 +0000},
	Editor = {R. Casati and B. Smith and G. White},
	Month = {Sept.},
	Pages = {443-456},
	Publisher = {Holder-Pivhler-Tempsky},
	Title = {The Ontological Level},
	Url = {http://wiki.loa-cnr.it/Papers/OntLev.pdf},
	Urlaccessdate = {2 jan. 2012},
	Year = {1995},
	Bdsk-Url-1 = {http://wiki.loa-cnr.it/Papers/OntLev.pdf}}

@incollection{bates2010,
	Address = {New York},
	Author = {Marcia J. Bates},
	Booktitle = {Encyclopedia of Library and Information Sciences},
	Date-Added = {2012-04-23 11:34:29 +0000},
	Date-Modified = {2012-04-23 11:34:29 +0000},
	Edition = {3rd},
	Editor = {Marcia J. Bates and Mary Niles Maack},
	Pages = {2347-2360},
	Publisher = {CRC Press},
	Title = {Information},
	Url = {http://pages.gseis.ucla.edu/faculty/bates/articles/information.html},
	Urlaccessdate = {24 out. 2011},
	Volume = {3},
	Year = {2010},
	Bdsk-Url-1 = {http://pages.gseis.ucla.edu/faculty/bates/articles/information.html}}

@book{doxiadis1965,
	Author = {Constantinos A. Doxiadis},
	Date-Added = {2012-04-23 11:34:20 +0000},
	Date-Modified = {2012-04-23 11:34:20 +0000},
	Publisher = {Ceira - Coimbra},
	Title = {Arquitetura em Transi{\c c}{\~a}o},
	Year = {1965}}

@book{dewey1980,
	Address = {New York, NY, USA},
	Author = {John Dewey},
	Date-Added = {2012-04-23 11:34:16 +0000},
	Date-Modified = {2012-04-23 11:34:16 +0000},
	Publisher = {Perigee Books},
	Title = {Art as Experience},
	Year = {1980}}
